@misc{6629552,
  author={Lategahn, Henning and Schreiber, Markus and Ziegler, Julius and Stiller, Christoph},
  booktitle={2013 IEEE Intelligent Vehicles Symposium (IV)}, 
  title={Urban localization with camera and inertial measurement unit}, 
  year={2013},
  volume={},
  number={},
  pages={719-724},
  doi={10.1109/IVS.2013.6629552}}

@article{tiis:23914, title="Intelligent Hybrid Fusion Algorithm with Vision Patterns for Generation of Precise Digital Road Maps in Self-driving Vehicles", author="Juho Jung and Manbok Park and Kuk Cho and Cheol Mun and Junho Ahn and ", journal="KSII Transactions on Internet and Information Systems", DOI={10.3837/tiis.2020.10.002}, volume={14}, number={10}, year="2020", month={October}, pages={3955-3971}}

@misc{KSII,
  author = {Korean Society for Internet Information},
  title = {Intelligent Hybrid Fusion Algorithm with Vision Patterns for Generation of Precise Digital Road Maps in Self-driving Vehicles},
  year = {2020},
  volume={14},
  url = {https://doi.org/10.3837/tiis.2020.10.002}}

@ARTICLE{9179748,
  author={Yao, Qiangqiang and Tian, Ying and Wang, Qun and Wang, Shengyuan},
  journal={IEEE Access}, 
  title={Control Strategies on Path Tracking for Autonomous Vehicle: State of the Art and Future Challenges}, 
  year={2020},
  volume={8},
  number={},
  pages={161211-161222},
  doi={10.1109/ACCESS.2020.3020075}}

@article{tiis:22283,
 title="A Review of Intelligent Self-Driving Vehicle Software Research", 
author="Jeonghwan Gwak and Juho Jung and RyumDuck Oh and Manbok Park and Mukhammad Abdu Kayumbek Rakhimov and Junho Ahn and ", journal="KSII Transactions on Internet and Information Systems", 
DOI={10.3837/tiis.2019.11.002}, 
volume={13}, 
number={11}, 
year="2019", 
month={November}, 
pages={5299-5320}}

@ARTICLE{9034121,
  author={Chae, Heungseok and Yi, Kyongsu},
  journal={IEEE Access}, 
  title={Virtual Target-Based Overtaking Decision, Motion Planning, and Control of Autonomous Vehicles}, 
  year={2020},
  volume={8},
  number={},
  pages={51363-51376},
  doi={10.1109/ACCESS.2020.2980391}}

@misc{9337402,
  author={Stroescu, Ana and Daniel, Liam and Phippen, Dominic and Cherniakov, Mikhail and Gashinova, Marina},
  booktitle={2020 17th European Radar Conference (EuRAD)}, 
  title={Object Detection on Radar Imagery for Autonomous Driving Using Deep Neural Networks}, 
  year={2021},
  volume={},
  number={},
  pages={120-123},
  doi={10.1109/EuRAD48048.2021.00041}}

@misc{9253253,
  author={Agafonov, Anton and Yumaganov, Alexander},
  booktitle={2020 International Conference on Information Technology and Nanotechnology (ITNT)}, 
  title={3D Objects Detection in an Autonomous Car Driving Problem}, 
  year={2020},
  volume={},
  number={},
  pages={1-5},
  doi={10.1109/ITNT49337.2020.9253253}}
